@misc{advi27:online,
author = {T. Franzen},
title = {GÃ¶dels Theorem - An incomplete guide to its use and abuse},
howpublished = {\url{http://www.math.chalmers.se/~ulfp/Review/franzen.pdf}},
month = {},
year = {},
note = {(Accessed on 11/11/2018)}
}
@misc{phpdf49:online,
author = {Jeff Paris, Leo Harrinton},
title = {A Mathematical Incompletness in Peano Arithmetic},
howpublished = {\url{http://www.karlin.mff.cuni.cz/~krajicek/ph.pdf}},
month = {},
year = {},
note = {(Accessed on 11/11/2018)}
}

@misc{OnthePhi41:online,
author = {	Panu	Raattkainen},
title = {On the Philosophical Relevance of Godel's Incompleteness Theorems | Cairn.info},
howpublished = {\url{https://www.cairn.info/revue-internationale-de-philosophie-2005-4-page-513.htm}},
month = {},
year = {},
note = {(Accessed on 11/11/2018)}
}

@misc{Hilberts1:online,
author = {Richard Zach},
title = {Hilbert's Program (Stanford Encyclopedia of Philosophy)},
howpublished = {\url{https://plato.stanford.edu/entries/hilbert-program/}},
month = {},
year = {2003},
note = {(Accessed on 11/11/2018)}
}
@misc{CMyFiles21:online,
author = {},
title = {Robinson's Arithmetic},
howpublished = {\url{http://web.mit.edu/24.242/www/Robinson'sArithmetic.pdf}},
month = {},
year = {},
note = {(Accessed on 11/11/2018)}
}